@unpublished{favites,
    author = "Niema Moshiri",
    title = "{FAVITES}: simultaneous simulation of transmission networks, phylogenetic trees, and sequences",
    note = "https://www.biorxiv.org/content/early/2018/04/18/297267",
    year = "2018"
}

@article{raxml,
    author = "Stamatakis, A.",
    title = "{RAxML Version 8: A tool for Phylogenetic Analysis and Post-Analysis of Large Phylogenies}",
    journal = "Bioinformatics",
    year = "2014"
}

@article{treefix-dtl,
    author = "Yi-Chieh Wu and Matthew D. Rasmussen and Mukul S. Bansal and Manolis Kellis",
    title = "TreeFix: Statistically Informed Gene Tree Error Correction Using Species Trees",
    journal = "Systematic Biology",
    year = "2013"
}

@article{phyloscanner,
	author = "Chris Wymant and Matthew Hall and Oliver Ratmann and David Bonsall and Tanya Golubchik and Mariateresa de Cesare and Astrid Gall and Marion Cornelissen and Christophe Fraser and STOP-HCV Consortium and  The Maela Pneumococcal Collaboration and The BEEHIVE Collaboration",
    title = "{PHYLOSCANNER}: Inferring Transmission from Within- and Between-Host Pathogen Genetic Diversity",
    journal = "Molecular Biology and Evolution",
    year = "2017"
}

@book{tandy,
    author = "Tandy Warnow",
    title = "Computational Phylogenetics",
    publisher = "Cambridge University Press",
    year = "2017"
}